

@article{Cyclus,
title = "Fundamental concepts in the Cyclus nuclear fuel cycle simulation framework",
journal = "Advances in Engineering Software",
year = "April 2016",
doi = "http://dx.doi.org/10.1016/j.advengsoft.2016.01.014",
author = "K.D. Huff and M.J. Gidden and R.W. Carlsen and R.R. Flanagan and M.B. McGarry and A.C. Opotowsky and E.A. Schneider and A.M. Scopatz and P.P.H. Wilson"
}

@article{vision,
title = "VISION - Verifiable Fuel Cycle Simulation of Nuclear Fuel Cycle Dynamics",
journal = "Waste Management Symposium, Tucson, AZ, UNited States",
author = "A.M. Yacout and J.J. Jacobson and G.E. Matthern and S.J. Piet and D.E. Shropshire and C. Laws",
year = "2006"
}


@article{orion,
author = "R. Gregg and C. Grove",
title = "Analysis of the UK nuclear fission roadmap using the ORION fuel cycle modelling code",
journal = "Proc. IChemE Nuclear Fuel Cycle Conference, Manchester, UK",
year = "2012."
}

@article{dymon,
author = "C. A. Juchau and M. L. Dunzik-Gougar and J. J. Jacobson",
title = "Modeling the Nuclear Fuel Cycle",
journal = "Nuclear Technology",
volume = "171",
year = "2010"
}


@article{B.Feng_calculation,
author = "B. Feng",
title = "Preliminary {DYMOND} Results for Example Scenario with Updated Assumptions",
year = "07/2015"
}

@article{PuEq,
author = "Baker, A. R. and R. W. Ross.",
tittle = "Comparison of the value of plutonium and uranium isotopes in fast reactors.",
journal = "Proceedings of the Conference on Breeding, Economics, and Safety in Large Fast Power Reactors.",
year = "1963"
}



@article{Cycamore,
author = "",
tittle = "",
journal = "",
year = ""
}